{
  "leader": "02823cam a22004091a 4500",
  "fields": [
    {
      "001": "ocm25863824\\"
    },
    {
      "003": "OCoLC"
    },
    {
      "005": "20220103103529.0"
    },
    {
      "008": "920522s1951\\\\\\\\nyuaco\\\\\\b\\\\\\\\000\\0\\eng\\\\"
    },
    {
      "010": {
        "ind1": "\\",
        "ind2": "\\",
        "subfields": [
          {
            "a": "   51011674 "
          }
        ]
      }
    },
    {
      "040": {
        "ind1": "\\",
        "ind2": "\\",
        "subfields": [
          {
            "a": "DLC"
          },
          {
            "b": "eng"
          },
          {
            "c": "DLC"
          },
          {
            "d": "WSU"
          },
          {
            "d": "SER"
          },
          {
            "d": "DRB"
          },
          {
            "d": "STF"
          },
          {
            "d": "DEBBG"
          },
          {
            "d": "OCLCF"
          },
          {
            "d": "RCT"
          },
          {
            "d": "ICW"
          },
          {
            "d": "UAB"
          },
          {
            "d": "CRL"
          },
          {
            "d": "NNI"
          },
          {
            "d": "OCLCO"
          },
          {
            "d": "IDK"
          },
          {
            "d": "UWO"
          },
          {
            "d": "CGN"
          },
          {
            "d": "OCLCA"
          },
          {
            "d": "OCLCQ"
          }
        ]
      }
    },
    {
      "019": {
        "ind1": "\\",
        "ind2": "\\",
        "subfields": [
          {
            "a": "384801"
          },
          {
            "a": "977749859"
          }
        ]
      }
    },
    {
      "035": {
        "ind1": "\\",
        "ind2": "\\",
        "subfields": [
          {
            "a": "(OCoLC)25863824"
          },
          {
            "z": "(OCoLC)384801"
          },
          {
            "z": "(OCoLC)977749859"
          }
        ]
      }
    },
    {
      "042": {
        "ind1": "\\",
        "ind2": "\\",
        "subfields": [
          {
            "a": "premarc"
          }
        ]
      }
    },
    {
      "043": {
        "ind1": "\\",
        "ind2": "\\",
        "subfields": [
          {
            "a": "n-us---"
          }
        ]
      }
    },
    {
      "050": {
        "ind1": "0",
        "ind2": "0",
        "subfields": [
          {
            "a": "BV1030"
          },
          {
            "b": ".H6"
          }
        ]
      }
    },
    {
      "055": {
        "ind1": "\\",
        "ind2": "3",
        "subfields": [
          {
            "a": "BV1030"
          },
          {
            "b": "H79 1951"
          }
        ]
      }
    },
    {
      "082": {
        "ind1": "0",
        "ind2": "4",
        "subfields": [
          {
            "a": "366.0973"
          },
          {
            "b": "HOP"
          }
        ]
      }
    },
    {
      "100": {
        "ind1": "1",
        "ind2": "\\",
        "subfields": [
          {
            "a": "Hopkins, Charles Howard,"
          },
          {
            "d": "1905-"
          }
        ]
      }
    },
    {
      "245": {
        "ind1": "1",
        "ind2": "0",
        "subfields": [
          {
            "a": "History of the Y.M.C.A. in North America /"
          },
          {
            "c": "by C. Howard Hopkins."
          }
        ]
      }
    },
    {
      "246": {
        "ind1": "3",
        "ind2": "\\",
        "subfields": [
          {
            "a": "History of the YMCA in North America"
          }
        ]
      }
    },
    {
      "260": {
        "ind1": "\\",
        "ind2": "\\",
        "subfields": [
          {
            "a": "New York :"
          },
          {
            "b": "Association Press,"
          },
          {
            "c": "1951."
          }
        ]
      }
    },
    {
      "300": {
        "ind1": "\\",
        "ind2": "\\",
        "subfields": [
          {
            "a": "xiv, 818 pages :"
          },
          {
            "b": "illustrations, portraits ;"
          },
          {
            "c": "25 cm"
          }
        ]
      }
    },
    {
      "336": {
        "ind1": "\\",
        "ind2": "\\",
        "subfields": [
          {
            "a": "text"
          },
          {
            "b": "txt"
          },
          {
            "2": "rdacontent"
          }
        ]
      }
    },
    {
      "337": {
        "ind1": "\\",
        "ind2": "\\",
        "subfields": [
          {
            "a": "unmediated"
          },
          {
            "b": "n"
          },
          {
            "2": "rdamedia"
          }
        ]
      }
    },
    {
      "338": {
        "ind1": "\\",
        "ind2": "\\",
        "subfields": [
          {
            "a": "volume"
          },
          {
            "b": "nc"
          },
          {
            "2": "rdacarrier"
          }
        ]
      }
    },
    {
      "505": {
        "ind1": "0",
        "ind2": "\\",
        "subfields": [
          {
            "a": "The American movement from its beginning through the Civil War (1851-1865) -- America in the 1850's -- The first North American associations -- The dawn of movement consciousness -- The North American movement finds itself (1865-1895) -- America and the Y.M.C.A. come of age -- The movement develops a structure -- The building movement and the emergence of the secretary -- A work for all classes and conditions of young men -- The foundations of Y.M.C.A. physical work -- The rise of the student movement -- The movement expands abroad -- The American Y.M.C.A. and the Christian religion -- The North American Y.M.C.A. in the Twentieth Century (1895-1940) -- From International Committee to National Council -- The proliferation of program (1895-1917) -- Changing currents in religion and ethics (1900-1940) -- New ideas and approaches (1920-1940) -- Financing the associations (1900-1940) -- The secretarial profession in the Twentieth Century -- Fifty years of the student Y.M.C.A. -- The American Y.M.C.A. and one world -- The tenth decade in the American Associations (1940-1951) -- The 1940's -- A decade becomes a century."
          }
        ]
      }
    },
    {
      "504": {
        "ind1": "\\",
        "ind2": "\\",
        "subfields": [
          {
            "a": "Includes bibliographical references."
          }
        ]
      }
    },
    {
      "650": {
        "ind1": "\\",
        "ind2": "0",
        "subfields": [
          {
            "a": "Young Men's Christian associations"
          },
          {
            "z": "United States"
          },
          {
            "x": "History."
          }
        ]
      }
    },
    {
      "650": {
        "ind1": "\\",
        "ind2": "7",
        "subfields": [
          {
            "a": "Young Men's Christian associations."
          },
          {
            "2": "fast"
          },
          {
            "0": "(OCoLC)fst01183052"
          }
        ]
      }
    },
    {
      "651": {
        "ind1": "\\",
        "ind2": "7",
        "subfields": [
          {
            "a": "United States."
          },
          {
            "2": "fast"
          },
          {
            "0": "(OCoLC)fst01204155"
          }
        ]
      }
    },
    {
      "655": {
        "ind1": "\\",
        "ind2": "7",
        "subfields": [
          {
            "a": "History."
          },
          {
            "2": "fast"
          },
          {
            "0": "(OCoLC)fst01411628"
          }
        ]
      }
    },
    {
      "776": {
        "ind1": "0",
        "ind2": "8",
        "subfields": [
          {
            "i": "Online version:"
          },
          {
            "a": "Hopkins, Charles Howard, 1905-"
          },
          {
            "t": "History of the Y.M.C.A. in North America."
          },
          {
            "d": "New York : Association Press, 1951"
          },
          {
            "w": "(OCoLC)644725665"
          }
        ]
      }
    },
    {
      "856": {
        "ind1": "4",
        "ind2": "2",
        "subfields": [
          {
            "u": "https://www.lib.uwo.ca/catalogue/bookplates/viewfund.php?id=645"
          },
          {
            "z": "Donated by the YMCA of Western Ontario"
          }
        ]
      }
    },
    {
      "994": {
        "ind1": "\\",
        "ind2": "\\",
        "subfields": [
          {
            "a": "Z0"
          },
          {
            "b": "NYRVC"
          }
        ]
      }
    },
    {
      "948": {
        "ind1": "\\",
        "ind2": "\\",
        "subfields": [
          {
            "h": "NO HOLDINGS IN NYRVC - 587 OTHER HOLDINGS"
          }
        ]
      }
    },
    {
      "999": {
        "ind1": "\\",
        "ind2": "\\",
        "subfields": [
          {
            "a": "00000000016492"
          }
        ]
      }
    }
  ]
}